%YAML 1.1
%TAG !u! tag:unity3d.com,2011:
--- !u!1 &824433847675943042
GameObject:
  m_ObjectHideFlags: 0
  m_CorrespondingSourceObject: {fileID: 0}
  m_PrefabInstance: {fileID: 0}
  m_PrefabAsset: {fileID: 0}
  serializedVersion: 6
  m_Component:
  - component: {fileID: 5266861874626836533}
  m_Layer: 0
  m_Name: Base HumanLPlatform
  m_TagString: Untagged
  m_Icon: {fileID: 0}
  m_NavMeshLayer: 0
  m_StaticEditorFlags: 0
  m_IsActive: 1
--- !u!4 &5266861874626836533
Transform:
  m_ObjectHideFlags: 0
  m_CorrespondingSourceObject: {fileID: 0}
  m_PrefabInstance: {fileID: 0}
  m_PrefabAsset: {fileID: 0}
  m_GameObject: {fileID: 824433847675943042}
  m_LocalRotation: {x: 0.5000001, y: -0.50000006, z: -0.4999999, w: 0.49999997}
  m_LocalPosition: {x: -0.26094973, y: -0.0000000025221765, z: -0.07452072}
  m_LocalScale: {x: 1, y: 1, z: 1}
  m_Children: []
  m_Father: {fileID: 5718878664562422113}
  m_RootOrder: 0
  m_LocalEulerAnglesHint: {x: 0, y: 0, z: 0}
--- !u!1 &944324777307555688
GameObject:
  m_ObjectHideFlags: 0
  m_CorrespondingSourceObject: {fileID: 0}
  m_PrefabInstance: {fileID: 0}
  m_PrefabAsset: {fileID: 0}
  serializedVersion: 6
  m_Component:
  - component: {fileID: 4060926806180653574}
  m_Layer: 0
  m_Name: Base HumanLDigit11
  m_TagString: Untagged
  m_Icon: {fileID: 0}
  m_NavMeshLayer: 0
  m_StaticEditorFlags: 0
  m_IsActive: 1
--- !u!4 &4060926806180653574
Transform:
  m_ObjectHideFlags: 0
  m_CorrespondingSourceObject: {fileID: 0}
  m_PrefabInstance: {fileID: 0}
  m_PrefabAsset: {fileID: 0}
  m_GameObject: {fileID: 944324777307555688}
  m_LocalRotation: {x: -0.64108974, y: -0.15768866, z: 0.17693776, w: 0.72995293}
  m_LocalPosition: {x: -0.10965705, y: 0.004741192, z: 0.015682919}
  m_LocalScale: {x: 1.000001, y: 1.0000002, z: 0.9999984}
  m_Children:
  - {fileID: 2787616002731311995}
  m_Father: {fileID: 8808158492945770416}
  m_RootOrder: 0
  m_LocalEulerAnglesHint: {x: 0, y: 0, z: 0}
--- !u!1 &1296723913770381838
GameObject:
  m_ObjectHideFlags: 0
  m_CorrespondingSourceObject: {fileID: 0}
  m_PrefabInstance: {fileID: 0}
  m_PrefabAsset: {fileID: 0}
  serializedVersion: 6
  m_Component:
  - component: {fileID: 1734689973003026003}
  m_Layer: 0
  m_Name: Base HumanLForearm
  m_TagString: Untagged
  m_Icon: {fileID: 0}
  m_NavMeshLayer: 0
  m_StaticEditorFlags: 0
  m_IsActive: 1
--- !u!4 &1734689973003026003
Transform:
  m_ObjectHideFlags: 0
  m_CorrespondingSourceObject: {fileID: 0}
  m_PrefabInstance: {fileID: 0}
  m_PrefabAsset: {fileID: 0}
  m_GameObject: {fileID: 1296723913770381838}
  m_LocalRotation: {x: 0.097606815, y: 0.015261593, z: -0.12183123, w: 0.98762196}
  m_LocalPosition: {x: -0.5753738, y: -0.0000006109476, z: 0.0000011920929}
  m_LocalScale: {x: 0.9999996, y: 1.0000004, z: 1}
  m_Children:
  - {fileID: 8808158492945770416}
  m_Father: {fileID: 6757123177221179028}
  m_RootOrder: 0
  m_LocalEulerAnglesHint: {x: 0, y: 0, z: 0}
--- !u!1 &1450495832816631418
GameObject:
  m_ObjectHideFlags: 0
  m_CorrespondingSourceObject: {fileID: 0}
  m_PrefabInstance: {fileID: 0}
  m_PrefabAsset: {fileID: 0}
  serializedVersion: 6
  m_Component:
  - component: {fileID: 8167646202701536850}
  m_Layer: 0
  m_Name: Base HumanNeck3
  m_TagString: Untagged
  m_Icon: {fileID: 0}
  m_NavMeshLayer: 0
  m_StaticEditorFlags: 0
  m_IsActive: 1
--- !u!4 &8167646202701536850
Transform:
  m_ObjectHideFlags: 0
  m_CorrespondingSourceObject: {fileID: 0}
  m_PrefabInstance: {fileID: 0}
  m_PrefabAsset: {fileID: 0}
  m_GameObject: {fileID: 1450495832816631418}
  m_LocalRotation: {x: -0.0012774243, y: -0.000235779, z: 0.026314499, w: 0.9996529}
  m_LocalPosition: {x: -0.047192216, y: 0, z: -0.00000001094304}
  m_LocalScale: {x: 1.0000001, y: 1.0000001, z: 1.0000001}
  m_Children:
  - {fileID: 5195943015143920444}
  m_Father: {fileID: 3360395641817098787}
  m_RootOrder: 0
  m_LocalEulerAnglesHint: {x: 0, y: 0, z: 0}
--- !u!1 &1669155684275882625
GameObject:
  m_ObjectHideFlags: 0
  m_CorrespondingSourceObject: {fileID: 0}
  m_PrefabInstance: {fileID: 0}
  m_PrefabAsset: {fileID: 0}
  serializedVersion: 6
  m_Component:
  - component: {fileID: 2377066778103969833}
  m_Layer: 0
  m_Name: Base HumanLThigh
  m_TagString: Untagged
  m_Icon: {fileID: 0}
  m_NavMeshLayer: 0
  m_StaticEditorFlags: 0
  m_IsActive: 1
--- !u!4 &2377066778103969833
Transform:
  m_ObjectHideFlags: 0
  m_CorrespondingSourceObject: {fileID: 0}
  m_PrefabInstance: {fileID: 0}
  m_PrefabAsset: {fileID: 0}
  m_GameObject: {fileID: 1669155684275882625}
  m_LocalRotation: {x: 0.0041764127, y: 0.9976445, z: -0.009701781, w: 0.06777879}
  m_LocalPosition: {x: -0.020707965, y: 0.056462668, z: 0.105797686}
  m_LocalScale: {x: 0.99999994, y: 1, z: 1}
  m_Children:
  - {fileID: 1270795373065102191}
  m_Father: {fileID: 7518465088101678197}
  m_RootOrder: 0
  m_LocalEulerAnglesHint: {x: 0, y: 0, z: 0}
--- !u!1 &1704192171159098378
GameObject:
  m_ObjectHideFlags: 0
  m_CorrespondingSourceObject: {fileID: 0}
  m_PrefabInstance: {fileID: 0}
  m_PrefabAsset: {fileID: 0}
  serializedVersion: 6
  m_Component:
  - component: {fileID: 5132170578940627291}
  m_Layer: 0
  m_Name: Base HumanHead
  m_TagString: Untagged
  m_Icon: {fileID: 0}
  m_NavMeshLayer: 0
  m_StaticEditorFlags: 0
  m_IsActive: 1
--- !u!4 &5132170578940627291
Transform:
  m_ObjectHideFlags: 0
  m_CorrespondingSourceObject: {fileID: 0}
  m_PrefabInstance: {fileID: 0}
  m_PrefabAsset: {fileID: 0}
  m_GameObject: {fileID: 1704192171159098378}
  m_LocalRotation: {x: -0.00012330088, y: 0.00007282017, z: 0.09293255, w: 0.9956724}
  m_LocalPosition: {x: -0.035149217, y: -0.000000029802322, z: -8.731149e-11}
  m_LocalScale: {x: 1, y: 1.0000001, z: 1}
  m_Children: []
  m_Father: {fileID: 5195943015143920444}
  m_RootOrder: 0
  m_LocalEulerAnglesHint: {x: 0, y: 0, z: 0}
--- !u!1 &2120367577642621155
GameObject:
  m_ObjectHideFlags: 0
  m_CorrespondingSourceObject: {fileID: 0}
  m_PrefabInstance: {fileID: 0}
  m_PrefabAsset: {fileID: 0}
  serializedVersion: 6
  m_Component:
  - component: {fileID: 7518465088101678197}
  m_Layer: 0
  m_Name: Base HumanPelvis
  m_TagString: Untagged
  m_Icon: {fileID: 0}
  m_NavMeshLayer: 0
  m_StaticEditorFlags: 0
  m_IsActive: 1
--- !u!4 &7518465088101678197
Transform:
  m_ObjectHideFlags: 0
  m_CorrespondingSourceObject: {fileID: 0}
  m_PrefabInstance: {fileID: 0}
  m_PrefabAsset: {fileID: 0}
  m_GameObject: {fileID: 2120367577642621155}
  m_LocalRotation: {x: 0.49912703, y: -0.50087154, z: -0.49912694, w: 0.5008715}
  m_LocalPosition: {x: 0.00000005739544, y: 1.109133, z: -0.025817454}
  m_LocalScale: {x: 1, y: 1, z: 1}
  m_Children:
  - {fileID: 2377066778103969833}
  - {fileID: 5752515590777275439}
  - {fileID: 2770221804595599323}
  m_Father: {fileID: 5718878664562422113}
  m_RootOrder: 1
  m_LocalEulerAnglesHint: {x: 0, y: 0, z: 0}
--- !u!1 &2669416164817595878
GameObject:
  m_ObjectHideFlags: 0
  m_CorrespondingSourceObject: {fileID: 0}
  m_PrefabInstance: {fileID: 0}
  m_PrefabAsset: {fileID: 0}
  serializedVersion: 6
  m_Component:
  - component: {fileID: 5752515590777275439}
  m_Layer: 0
  m_Name: Base HumanRThigh
  m_TagString: Untagged
  m_Icon: {fileID: 0}
  m_NavMeshLayer: 0
  m_StaticEditorFlags: 0
  m_IsActive: 1
--- !u!4 &5752515590777275439
Transform:
  m_ObjectHideFlags: 0
  m_CorrespondingSourceObject: {fileID: 0}
  m_PrefabInstance: {fileID: 0}
  m_PrefabAsset: {fileID: 0}
  m_GameObject: {fileID: 2669416164817595878}
  m_LocalRotation: {x: 0.004073878, y: 0.99764484, z: 0.009708831, w: -0.06777909}
  m_LocalPosition: {x: -0.020707965, y: 0.056462668, z: -0.1057977}
  m_LocalScale: {x: 1.0000001, y: 0.99999994, z: 0.99999994}
  m_Children:
  - {fileID: 4337474519229616464}
  m_Father: {fileID: 7518465088101678197}
  m_RootOrder: 1
  m_LocalEulerAnglesHint: {x: 0, y: 0, z: 0}
--- !u!1 &2737092102306776016
GameObject:
  m_ObjectHideFlags: 0
  m_CorrespondingSourceObject: {fileID: 0}
  m_PrefabInstance: {fileID: 0}
  m_PrefabAsset: {fileID: 0}
  serializedVersion: 6
  m_Component:
  - component: {fileID: 8113700170435919804}
  - component: {fileID: 1179758229416007272}
  m_Layer: 0
  m_Name: Character
  m_TagString: Untagged
  m_Icon: {fileID: 0}
  m_NavMeshLayer: 0
  m_StaticEditorFlags: 0
  m_IsActive: 1
--- !u!4 &8113700170435919804
Transform:
  m_ObjectHideFlags: 0
  m_CorrespondingSourceObject: {fileID: 0}
  m_PrefabInstance: {fileID: 0}
  m_PrefabAsset: {fileID: 0}
  m_GameObject: {fileID: 2737092102306776016}
  m_LocalRotation: {x: -0.704416, y: 0.061628282, z: -0.24184467, w: 0.66446316}
  m_LocalPosition: {x: -0.00480419, y: 1.0810736, z: 0}
  m_LocalScale: {x: 0.427545, y: 0.427545, z: 1.419011}
  m_Children: []
  m_Father: {fileID: 5718878664562422113}
  m_RootOrder: 3
  m_LocalEulerAnglesHint: {x: 0, y: 0, z: 0}
--- !u!137 &1179758229416007272
SkinnedMeshRenderer:
  m_ObjectHideFlags: 0
  m_CorrespondingSourceObject: {fileID: 0}
  m_PrefabInstance: {fileID: 0}
  m_PrefabAsset: {fileID: 0}
  m_GameObject: {fileID: 2737092102306776016}
  m_Enabled: 1
  m_CastShadows: 1
  m_ReceiveShadows: 1
  m_DynamicOccludee: 1
  m_MotionVectors: 1
  m_LightProbeUsage: 1
  m_ReflectionProbeUsage: 1
  m_RayTracingMode: 0
  m_RenderingLayerMask: 1
  m_RendererPriority: 0
  m_Materials:
  - {fileID: 2100000, guid: 96aed368b20bbfd4899f933270dad4d1, type: 2}
  m_StaticBatchInfo:
    firstSubMesh: 0
    subMeshCount: 0
  m_StaticBatchRoot: {fileID: 0}
  m_ProbeAnchor: {fileID: 0}
  m_LightProbeVolumeOverride: {fileID: 0}
  m_ScaleInLightmap: 1
  m_ReceiveGI: 1
  m_PreserveUVs: 0
  m_IgnoreNormalsForChartDetection: 0
  m_ImportantGI: 0
  m_StitchLightmapSeams: 1
  m_SelectedEditorRenderState: 3
  m_MinimumChartSize: 4
  m_AutoUVMaxDistance: 0.5
  m_AutoUVMaxAngle: 89
  m_LightmapParameters: {fileID: 0}
  m_SortingLayerID: 0
  m_SortingLayer: 0
  m_SortingOrder: 0
  serializedVersion: 2
  m_Quality: 0
  m_UpdateWhenOffscreen: 0
  m_SkinnedMotionVectors: 1
  m_Mesh: {fileID: 6622264641530768373, guid: 7a73cdbe76465204f9beb815e80ae239, type: 3}
  m_Bones:
  - {fileID: 8808158492945770416}
  - {fileID: 6757123177221179028}
  - {fileID: 2625102411424884143}
  - {fileID: 3360395641817098787}
  - {fileID: 4084051102687598234}
  - {fileID: 2770221804595599323}
  - {fileID: 7518465088101678197}
  - {fileID: 2377066778103969833}
  - {fileID: 1270795373065102191}
  - {fileID: 660998921130320458}
  - {fileID: 2787616002731311995}
  - {fileID: 2604936320042598951}
  - {fileID: 698543511087362036}
  - {fileID: 5132170578940627291}
  - {fileID: 5195943015143920444}
  - {fileID: 2858237962046378123}
  - {fileID: 7967719035943308488}
  - {fileID: 5752515590777275439}
  - {fileID: 4337474519229616464}
  - {fileID: 2653939973595845514}
  - {fileID: 2480599688008802925}
  - {fileID: 4274250246420706964}
  m_BlendShapeWeights: []
  m_RootBone: {fileID: 7518465088101678197}
  m_AABB:
    m_Center: {x: -0.04547608, y: 0.020318769, z: 0.012949824}
    m_Extent: {x: 1.1625589, y: 0.23227444, z: 0.86881155}
  m_DirtyAABB: 0
--- !u!1 &3224668513237076361
GameObject:
  m_ObjectHideFlags: 0
  m_CorrespondingSourceObject: {fileID: 0}
  m_PrefabInstance: {fileID: 0}
  m_PrefabAsset: {fileID: 0}
  serializedVersion: 6
  m_Component:
  - component: {fileID: 7604183112428664654}
  m_Layer: 0
  m_Name: Base HumanRCollarbone
  m_TagString: Untagged
  m_Icon: {fileID: 0}
  m_NavMeshLayer: 0
  m_StaticEditorFlags: 0
  m_IsActive: 1
--- !u!4 &7604183112428664654
Transform:
  m_ObjectHideFlags: 0
  m_CorrespondingSourceObject: {fileID: 0}
  m_PrefabInstance: {fileID: 0}
  m_PrefabAsset: {fileID: 0}
  m_GameObject: {fileID: 3224668513237076361}
  m_LocalRotation: {x: -0.10676341, y: -0.7299323, z: 0.19126569, w: 0.64747036}
  m_LocalPosition: {x: 0.02087748, y: 0.066023014, z: -0.036219083}
  m_LocalScale: {x: 1, y: 1, z: 1}
  m_Children:
  - {fileID: 7967719035943308488}
  m_Father: {fileID: 3540424391419974273}
  m_RootOrder: 2
  m_LocalEulerAnglesHint: {x: 0, y: 0, z: 0}
--- !u!1 &3249553370443589461
GameObject:
  m_ObjectHideFlags: 0
  m_CorrespondingSourceObject: {fileID: 0}
  m_PrefabInstance: {fileID: 0}
  m_PrefabAsset: {fileID: 0}
  serializedVersion: 6
  m_Component:
  - component: {fileID: 2858237962046378123}
  m_Layer: 0
  m_Name: Base HumanRPalm
  m_TagString: Untagged
  m_Icon: {fileID: 0}
  m_NavMeshLayer: 0
  m_StaticEditorFlags: 0
  m_IsActive: 1
--- !u!4 &2858237962046378123
Transform:
  m_ObjectHideFlags: 0
  m_CorrespondingSourceObject: {fileID: 0}
  m_PrefabInstance: {fileID: 0}
  m_PrefabAsset: {fileID: 0}
  m_GameObject: {fileID: 3249553370443589461}
  m_LocalRotation: {x: 0.77198863, y: 0.031943366, z: 0.020366952, w: 0.6345064}
  m_LocalPosition: {x: -0.6139112, y: 0.00000020861626, z: -0.0000011920929}
  m_LocalScale: {x: 0.9999996, y: 1, z: 1.0000002}
  m_Children:
  - {fileID: 64153845427637255}
  - {fileID: 1340396328624133345}
  m_Father: {fileID: 1440311730037117294}
  m_RootOrder: 0
  m_LocalEulerAnglesHint: {x: 0, y: 0, z: 0}
--- !u!1 &3866108945955257252
GameObject:
  m_ObjectHideFlags: 0
  m_CorrespondingSourceObject: {fileID: 0}
  m_PrefabInstance: {fileID: 0}
  m_PrefabAsset: {fileID: 0}
  serializedVersion: 6
  m_Component:
  - component: {fileID: 7854850279224803877}
  m_Layer: 0
  m_Name: Base HumanSpine4
  m_TagString: Untagged
  m_Icon: {fileID: 0}
  m_NavMeshLayer: 0
  m_StaticEditorFlags: 0
  m_IsActive: 1
--- !u!4 &7854850279224803877
Transform:
  m_ObjectHideFlags: 0
  m_CorrespondingSourceObject: {fileID: 0}
  m_PrefabInstance: {fileID: 0}
  m_PrefabAsset: {fileID: 0}
  m_GameObject: {fileID: 3866108945955257252}
  m_LocalRotation: {x: -0.0000000041074046, y: -0.00000004828159, z: -0.14280409,
    w: 0.989751}
  m_LocalPosition: {x: -0.14481258, y: 0, z: 0}
  m_LocalScale: {x: 1, y: 1, z: 1}
  m_Children:
  - {fileID: 3540424391419974273}
  m_Father: {fileID: 2625102411424884143}
  m_RootOrder: 0
  m_LocalEulerAnglesHint: {x: 0, y: 0, z: 0}
--- !u!1 &4824125568113813274
GameObject:
  m_ObjectHideFlags: 0
  m_CorrespondingSourceObject: {fileID: 0}
  m_PrefabInstance: {fileID: 0}
  m_PrefabAsset: {fileID: 0}
  serializedVersion: 6
  m_Component:
  - component: {fileID: 1340396328624133345}
  m_Layer: 0
  m_Name: Base HumanRDigit21
  m_TagString: Untagged
  m_Icon: {fileID: 0}
  m_NavMeshLayer: 0
  m_StaticEditorFlags: 0
  m_IsActive: 1
--- !u!4 &1340396328624133345
Transform:
  m_ObjectHideFlags: 0
  m_CorrespondingSourceObject: {fileID: 0}
  m_PrefabInstance: {fileID: 0}
  m_PrefabAsset: {fileID: 0}
  m_GameObject: {fileID: 4824125568113813274}
  m_LocalRotation: {x: -0.0050698193, y: 0.026711926, z: 0.18639784, w: 0.9820981}
  m_LocalPosition: {x: -0.110244066, y: 0.0005505681, z: 0.031344913}
  m_LocalScale: {x: 1.0000012, y: 0.9999984, z: 1.0000004}
  m_Children:
  - {fileID: 5974803872495826057}
  m_Father: {fileID: 2858237962046378123}
  m_RootOrder: 1
  m_LocalEulerAnglesHint: {x: 0, y: 0, z: 0}
--- !u!1 &4906207202718378971
GameObject:
  m_ObjectHideFlags: 0
  m_CorrespondingSourceObject: {fileID: 0}
  m_PrefabInstance: {fileID: 0}
  m_PrefabAsset: {fileID: 0}
  serializedVersion: 6
  m_Component:
  - component: {fileID: 5718878664562422113}
  m_Layer: 0
  m_Name: TrailerPrefabOnly
  m_TagString: Untagged
  m_Icon: {fileID: 0}
  m_NavMeshLayer: 0
  m_StaticEditorFlags: 0
  m_IsActive: 1
--- !u!4 &5718878664562422113
Transform:
  m_ObjectHideFlags: 0
  m_CorrespondingSourceObject: {fileID: 0}
  m_PrefabInstance: {fileID: 0}
  m_PrefabAsset: {fileID: 0}
  m_GameObject: {fileID: 4906207202718378971}
  m_LocalRotation: {x: -0, y: -0.70710707, z: -0, w: 0.7071066}
  m_LocalPosition: {x: 570.357, y: 69.324715, z: 507.042}
  m_LocalScale: {x: 1, y: 1, z: 1}
  m_Children:
  - {fileID: 5266861874626836533}
  - {fileID: 7518465088101678197}
  - {fileID: 8091000385640434189}
  - {fileID: 8113700170435919804}
  m_Father: {fileID: 0}
  m_RootOrder: 0
  m_LocalEulerAnglesHint: {x: 0, y: -90.00001, z: 0}
--- !u!1 &4925143292574824830
GameObject:
  m_ObjectHideFlags: 0
  m_CorrespondingSourceObject: {fileID: 0}
  m_PrefabInstance: {fileID: 0}
  m_PrefabAsset: {fileID: 0}
  serializedVersion: 6
  m_Component:
  - component: {fileID: 5974803872495826057}
  m_Layer: 0
  m_Name: Base HumanRDigit22
  m_TagString: Untagged
  m_Icon: {fileID: 0}
  m_NavMeshLayer: 0
  m_StaticEditorFlags: 0
  m_IsActive: 1
--- !u!4 &5974803872495826057
Transform:
  m_ObjectHideFlags: 0
  m_CorrespondingSourceObject: {fileID: 0}
  m_PrefabInstance: {fileID: 0}
  m_PrefabAsset: {fileID: 0}
  m_GameObject: {fileID: 4925143292574824830}
  m_LocalRotation: {x: 0.00000018379076, y: 0.00000008316328, z: 0.16504873, w: 0.9862854}
  m_LocalPosition: {x: -0.053860843, y: 0, z: 0.000000011175871}
  m_LocalScale: {x: 1.0000021, y: 0.9999976, z: 1.0000004}
  m_Children:
  - {fileID: 2653939973595845514}
  m_Father: {fileID: 1340396328624133345}
  m_RootOrder: 0
  m_LocalEulerAnglesHint: {x: 0, y: 0, z: 0}
--- !u!1 &5385627102024051038
GameObject:
  m_ObjectHideFlags: 0
  m_CorrespondingSourceObject: {fileID: 0}
  m_PrefabInstance: {fileID: 0}
  m_PrefabAsset: {fileID: 0}
  serializedVersion: 6
  m_Component:
  - component: {fileID: 3540424391419974273}
  m_Layer: 0
  m_Name: Base HumanRibcage
  m_TagString: Untagged
  m_Icon: {fileID: 0}
  m_NavMeshLayer: 0
  m_StaticEditorFlags: 0
  m_IsActive: 1
--- !u!4 &3540424391419974273
Transform:
  m_ObjectHideFlags: 0
  m_CorrespondingSourceObject: {fileID: 0}
  m_PrefabInstance: {fileID: 0}
  m_PrefabAsset: {fileID: 0}
  m_GameObject: {fileID: 5385627102024051038}
  m_LocalRotation: {x: -9.0374613e-10, y: 0.000000034403453, z: -0.020206198, w: 0.99979585}
  m_LocalPosition: {x: -0.1952275, y: 0, z: 0}
  m_LocalScale: {x: 0.99999887, y: 0.99999887, z: 0.9999999}
  m_Children:
  - {fileID: 4353315182912750644}
  - {fileID: 7767751348828697802}
  - {fileID: 7604183112428664654}
  m_Father: {fileID: 7854850279224803877}
  m_RootOrder: 0
  m_LocalEulerAnglesHint: {x: 0, y: 0, z: 0}
--- !u!1 &5532989281721120584
GameObject:
  m_ObjectHideFlags: 0
  m_CorrespondingSourceObject: {fileID: 0}
  m_PrefabInstance: {fileID: 0}
  m_PrefabAsset: {fileID: 0}
  serializedVersion: 6
  m_Component:
  - component: {fileID: 2604936320042598951}
  m_Layer: 0
  m_Name: Base HumanLDigit23
  m_TagString: Untagged
  m_Icon: {fileID: 0}
  m_NavMeshLayer: 0
  m_StaticEditorFlags: 0
  m_IsActive: 1
--- !u!4 &2604936320042598951
Transform:
  m_ObjectHideFlags: 0
  m_CorrespondingSourceObject: {fileID: 0}
  m_PrefabInstance: {fileID: 0}
  m_PrefabAsset: {fileID: 0}
  m_GameObject: {fileID: 5532989281721120584}
  m_LocalRotation: {x: -0.00000060477083, y: -0.00000067623176, z: 0.31985563, w: 0.9474663}
  m_LocalPosition: {x: -0.05801809, y: 0, z: -0.00000010803342}
  m_LocalScale: {x: 1.0000005, y: 0.9999992, z: 1.0000002}
  m_Children: []
  m_Father: {fileID: 8117253911373886664}
  m_RootOrder: 0
  m_LocalEulerAnglesHint: {x: 0, y: 0, z: 0}
--- !u!1 &5581974513622843537
GameObject:
  m_ObjectHideFlags: 0
  m_CorrespondingSourceObject: {fileID: 0}
  m_PrefabInstance: {fileID: 0}
  m_PrefabAsset: {fileID: 0}
  serializedVersion: 6
  m_Component:
  - component: {fileID: 8808158492945770416}
  m_Layer: 0
  m_Name: Base HumanLPalm
  m_TagString: Untagged
  m_Icon: {fileID: 0}
  m_NavMeshLayer: 0
  m_StaticEditorFlags: 0
  m_IsActive: 1
--- !u!4 &8808158492945770416
Transform:
  m_ObjectHideFlags: 0
  m_CorrespondingSourceObject: {fileID: 0}
  m_PrefabInstance: {fileID: 0}
  m_PrefabAsset: {fileID: 0}
  m_GameObject: {fileID: 5581974513622843537}
  m_LocalRotation: {x: -0.77198887, y: -0.031944066, z: 0.020367393, w: 0.63450605}
  m_LocalPosition: {x: -0.6139113, y: -0.0000008940697, z: 0.0000013113022}
  m_LocalScale: {x: 0.99999976, y: 0.9999997, z: 1.0000004}
  m_Children:
  - {fileID: 4060926806180653574}
  - {fileID: 660998921130320458}
  m_Father: {fileID: 1734689973003026003}
  m_RootOrder: 0
  m_LocalEulerAnglesHint: {x: 0, y: 0, z: 0}
--- !u!1 &6050803230328690084
GameObject:
  m_ObjectHideFlags: 0
  m_CorrespondingSourceObject: {fileID: 0}
  m_PrefabInstance: {fileID: 0}
  m_PrefabAsset: {fileID: 0}
  serializedVersion: 6
  m_Component:
  - component: {fileID: 2480599688008802925}
  m_Layer: 0
  m_Name: Base HumanRDigit12
  m_TagString: Untagged
  m_Icon: {fileID: 0}
  m_NavMeshLayer: 0
  m_StaticEditorFlags: 0
  m_IsActive: 1
--- !u!4 &2480599688008802925
Transform:
  m_ObjectHideFlags: 0
  m_CorrespondingSourceObject: {fileID: 0}
  m_PrefabInstance: {fileID: 0}
  m_PrefabAsset: {fileID: 0}
  m_GameObject: {fileID: 6050803230328690084}
  m_LocalRotation: {x: 0.009711537, y: 0.05145515, z: 0.012597956, w: 0.9985486}
  m_LocalPosition: {x: -0.053432167, y: 0.000000007450581, z: 0.000000059604645}
  m_LocalScale: {x: 1.0000019, y: 1.0000002, z: 0.9999977}
  m_Children:
  - {fileID: 4274250246420706964}
  m_Father: {fileID: 64153845427637255}
  m_RootOrder: 0
  m_LocalEulerAnglesHint: {x: 0, y: 0, z: 0}
--- !u!1 &6108117490990179922
GameObject:
  m_ObjectHideFlags: 0
  m_CorrespondingSourceObject: {fileID: 0}
  m_PrefabInstance: {fileID: 0}
  m_PrefabAsset: {fileID: 0}
  serializedVersion: 6
  m_Component:
  - component: {fileID: 8091000385640434189}
  m_Layer: 0
  m_Name: Base HumanRPlatform
  m_TagString: Untagged
  m_Icon: {fileID: 0}
  m_NavMeshLayer: 0
  m_StaticEditorFlags: 0
  m_IsActive: 1
--- !u!4 &8091000385640434189
Transform:
  m_ObjectHideFlags: 0
  m_CorrespondingSourceObject: {fileID: 0}
  m_PrefabInstance: {fileID: 0}
  m_PrefabAsset: {fileID: 0}
  m_GameObject: {fileID: 6108117490990179922}
  m_LocalRotation: {x: 0.5000001, y: -0.50000006, z: -0.4999999, w: 0.49999997}
  m_LocalPosition: {x: 0.2609498, y: -0.0000000025221902, z: -0.07452063}
  m_LocalScale: {x: 1, y: 1, z: 1}
  m_Children: []
  m_Father: {fileID: 5718878664562422113}
  m_RootOrder: 2
  m_LocalEulerAnglesHint: {x: 0, y: 0, z: 0}
--- !u!1 &6188220365070887539
GameObject:
  m_ObjectHideFlags: 0
  m_CorrespondingSourceObject: {fileID: 0}
  m_PrefabInstance: {fileID: 0}
  m_PrefabAsset: {fileID: 0}
  serializedVersion: 6
  m_Component:
  - component: {fileID: 6757123177221179028}
  m_Layer: 0
  m_Name: Base HumanLUpperarm
  m_TagString: Untagged
  m_Icon: {fileID: 0}
  m_NavMeshLayer: 0
  m_StaticEditorFlags: 0
  m_IsActive: 1
--- !u!4 &6757123177221179028
Transform:
  m_ObjectHideFlags: 0
  m_CorrespondingSourceObject: {fileID: 0}
  m_PrefabInstance: {fileID: 0}
  m_PrefabAsset: {fileID: 0}
  m_GameObject: {fileID: 6188220365070887539}
  m_LocalRotation: {x: 0.17442231, y: 0.43900082, z: -0.10141814, w: 0.87553954}
  m_LocalPosition: {x: -0.20600234, y: -0.000000014901161, z: 0.00000023841858}
  m_LocalScale: {x: 1.0000004, y: 0.99999994, z: 0.9999997}
  m_Children:
  - {fileID: 1734689973003026003}
  m_Father: {fileID: 4353315182912750644}
  m_RootOrder: 0
  m_LocalEulerAnglesHint: {x: 0, y: 0, z: 0}
--- !u!1 &6192430157929461898
GameObject:
  m_ObjectHideFlags: 0
  m_CorrespondingSourceObject: {fileID: 0}
  m_PrefabInstance: {fileID: 0}
  m_PrefabAsset: {fileID: 0}
  serializedVersion: 6
  m_Component:
  - component: {fileID: 64153845427637255}
  m_Layer: 0
  m_Name: Base HumanRDigit11
  m_TagString: Untagged
  m_Icon: {fileID: 0}
  m_NavMeshLayer: 0
  m_StaticEditorFlags: 0
  m_IsActive: 1
--- !u!4 &64153845427637255
Transform:
  m_ObjectHideFlags: 0
  m_CorrespondingSourceObject: {fileID: 0}
  m_PrefabInstance: {fileID: 0}
  m_PrefabAsset: {fileID: 0}
  m_GameObject: {fileID: 6192430157929461898}
  m_LocalRotation: {x: 0.6410898, y: 0.15768833, z: 0.17693855, w: 0.72995275}
  m_LocalPosition: {x: -0.10965708, y: 0.0047412515, z: -0.015683077}
  m_LocalScale: {x: 1.0000017, y: 1.0000001, z: 0.999998}
  m_Children:
  - {fileID: 2480599688008802925}
  m_Father: {fileID: 2858237962046378123}
  m_RootOrder: 0
  m_LocalEulerAnglesHint: {x: 0, y: 0, z: 0}
--- !u!1 &6226519210714541247
GameObject:
  m_ObjectHideFlags: 0
  m_CorrespondingSourceObject: {fileID: 0}
  m_PrefabInstance: {fileID: 0}
  m_PrefabAsset: {fileID: 0}
  serializedVersion: 6
  m_Component:
  - component: {fileID: 2625102411424884143}
  m_Layer: 0
  m_Name: Base HumanSpine3
  m_TagString: Untagged
  m_Icon: {fileID: 0}
  m_NavMeshLayer: 0
  m_StaticEditorFlags: 0
  m_IsActive: 1
--- !u!4 &2625102411424884143
Transform:
  m_ObjectHideFlags: 0
  m_CorrespondingSourceObject: {fileID: 0}
  m_PrefabInstance: {fileID: 0}
  m_PrefabAsset: {fileID: 0}
  m_GameObject: {fileID: 6226519210714541247}
  m_LocalRotation: {x: 0.0000000027038312, y: 0.00000008272744, z: 0.15388638, w: 0.98808855}
  m_LocalPosition: {x: -0.1333158, y: 0, z: 0}
  m_LocalScale: {x: 1.0000002, y: 1.0000002, z: 1}
  m_Children:
  - {fileID: 7854850279224803877}
  m_Father: {fileID: 4084051102687598234}
  m_RootOrder: 0
  m_LocalEulerAnglesHint: {x: 0, y: 0, z: 0}
--- !u!1 &6424928077074341582
GameObject:
  m_ObjectHideFlags: 0
  m_CorrespondingSourceObject: {fileID: 0}
  m_PrefabInstance: {fileID: 0}
  m_PrefabAsset: {fileID: 0}
  serializedVersion: 6
  m_Component:
  - component: {fileID: 4274250246420706964}
  m_Layer: 0
  m_Name: Base HumanRDigit13
  m_TagString: Untagged
  m_Icon: {fileID: 0}
  m_NavMeshLayer: 0
  m_StaticEditorFlags: 0
  m_IsActive: 1
--- !u!4 &4274250246420706964
Transform:
  m_ObjectHideFlags: 0
  m_CorrespondingSourceObject: {fileID: 0}
  m_PrefabInstance: {fileID: 0}
  m_PrefabAsset: {fileID: 0}
  m_GameObject: {fileID: 6424928077074341582}
  m_LocalRotation: {x: -0.00015943218, y: 0.29926443, z: -0.0003960914, w: 0.95417017}
  m_LocalPosition: {x: -0.07769698, y: 0.0000000037252903, z: 0.000000059604645}
  m_LocalScale: {x: 1.0000017, y: 1.0000002, z: 0.999998}
  m_Children: []
  m_Father: {fileID: 2480599688008802925}
  m_RootOrder: 0
  m_LocalEulerAnglesHint: {x: 0, y: 0, z: 0}
--- !u!1 &6640033021988196118
GameObject:
  m_ObjectHideFlags: 0
  m_CorrespondingSourceObject: {fileID: 0}
  m_PrefabInstance: {fileID: 0}
  m_PrefabAsset: {fileID: 0}
  serializedVersion: 6
  m_Component:
  - component: {fileID: 698543511087362036}
  m_Layer: 0
  m_Name: Base HumanLDigit13
  m_TagString: Untagged
  m_Icon: {fileID: 0}
  m_NavMeshLayer: 0
  m_StaticEditorFlags: 0
  m_IsActive: 1
--- !u!4 &698543511087362036
Transform:
  m_ObjectHideFlags: 0
  m_CorrespondingSourceObject: {fileID: 0}
  m_PrefabInstance: {fileID: 0}
  m_PrefabAsset: {fileID: 0}
  m_GameObject: {fileID: 6640033021988196118}
  m_LocalRotation: {x: 0.0001595451, y: -0.29926622, z: -0.0003965718, w: 0.95416963}
  m_LocalPosition: {x: -0.07769692, y: 0.00000013411045, z: 0}
  m_LocalScale: {x: 1.0000005, y: 1.0000005, z: 0.9999985}
  m_Children: []
  m_Father: {fileID: 2787616002731311995}
  m_RootOrder: 0
  m_LocalEulerAnglesHint: {x: 0, y: 0, z: 0}
--- !u!1 &6754079547427700026
GameObject:
  m_ObjectHideFlags: 0
  m_CorrespondingSourceObject: {fileID: 0}
  m_PrefabInstance: {fileID: 0}
  m_PrefabAsset: {fileID: 0}
  serializedVersion: 6
  m_Component:
  - component: {fileID: 2787616002731311995}
  m_Layer: 0
  m_Name: Base HumanLDigit12
  m_TagString: Untagged
  m_Icon: {fileID: 0}
  m_NavMeshLayer: 0
  m_StaticEditorFlags: 0
  m_IsActive: 1
--- !u!4 &2787616002731311995
Transform:
  m_ObjectHideFlags: 0
  m_CorrespondingSourceObject: {fileID: 0}
  m_PrefabInstance: {fileID: 0}
  m_PrefabAsset: {fileID: 0}
  m_GameObject: {fileID: 6754079547427700026}
  m_LocalRotation: {x: -0.009711464, y: -0.051454704, z: 0.012597177, w: 0.9985487}
  m_LocalPosition: {x: -0.053432107, y: 0.00000008940697, z: 0}
  m_LocalScale: {x: 1.000001, y: 1.0000005, z: 0.99999815}
  m_Children:
  - {fileID: 698543511087362036}
  m_Father: {fileID: 4060926806180653574}
  m_RootOrder: 0
  m_LocalEulerAnglesHint: {x: 0, y: 0, z: 0}
--- !u!1 &6812093027603046401
GameObject:
  m_ObjectHideFlags: 0
  m_CorrespondingSourceObject: {fileID: 0}
  m_PrefabInstance: {fileID: 0}
  m_PrefabAsset: {fileID: 0}
  serializedVersion: 6
  m_Component:
  - component: {fileID: 1440311730037117294}
  m_Layer: 0
  m_Name: Base HumanRForearm
  m_TagString: Untagged
  m_Icon: {fileID: 0}
  m_NavMeshLayer: 0
  m_StaticEditorFlags: 0
  m_IsActive: 1
--- !u!4 &1440311730037117294
Transform:
  m_ObjectHideFlags: 0
  m_CorrespondingSourceObject: {fileID: 0}
  m_PrefabInstance: {fileID: 0}
  m_PrefabAsset: {fileID: 0}
  m_GameObject: {fileID: 6812093027603046401}
  m_LocalRotation: {x: -0.09760708, y: -0.015261562, z: -0.121831656, w: 0.9876219}
  m_LocalPosition: {x: -0.5753738, y: -0.00000059604645, z: -0.0000010728836}
  m_LocalScale: {x: 0.9999997, y: 1.0000002, z: 0.99999994}
  m_Children:
  - {fileID: 2858237962046378123}
  m_Father: {fileID: 7967719035943308488}
  m_RootOrder: 0
  m_LocalEulerAnglesHint: {x: 0, y: 0, z: 0}
--- !u!1 &6913061910743669494
GameObject:
  m_ObjectHideFlags: 0
  m_CorrespondingSourceObject: {fileID: 0}
  m_PrefabInstance: {fileID: 0}
  m_PrefabAsset: {fileID: 0}
  serializedVersion: 6
  m_Component:
  - component: {fileID: 4084051102687598234}
  m_Layer: 0
  m_Name: Base HumanSpine2
  m_TagString: Untagged
  m_Icon: {fileID: 0}
  m_NavMeshLayer: 0
  m_StaticEditorFlags: 0
  m_IsActive: 1
--- !u!4 &4084051102687598234
Transform:
  m_ObjectHideFlags: 0
  m_CorrespondingSourceObject: {fileID: 0}
  m_PrefabInstance: {fileID: 0}
  m_PrefabAsset: {fileID: 0}
  m_GameObject: {fileID: 6913061910743669494}
  m_LocalRotation: {x: -0.00000000414645, y: -0.000000058061577, z: 0.04123152, w: 0.9991496}
  m_LocalPosition: {x: -0.15167165, y: -0.0000000037252903, z: 0}
  m_LocalScale: {x: 1.0000005, y: 1.0000005, z: 1.0000001}
  m_Children:
  - {fileID: 2625102411424884143}
  m_Father: {fileID: 2770221804595599323}
  m_RootOrder: 0
  m_LocalEulerAnglesHint: {x: 0, y: 0, z: 0}
--- !u!1 &7280083229785163924
GameObject:
  m_ObjectHideFlags: 0
  m_CorrespondingSourceObject: {fileID: 0}
  m_PrefabInstance: {fileID: 0}
  m_PrefabAsset: {fileID: 0}
  serializedVersion: 6
  m_Component:
  - component: {fileID: 5195943015143920444}
  m_Layer: 0
  m_Name: Base HumanNeck4
  m_TagString: Untagged
  m_Icon: {fileID: 0}
  m_NavMeshLayer: 0
  m_StaticEditorFlags: 0
  m_IsActive: 1
--- !u!4 &5195943015143920444
Transform:
  m_ObjectHideFlags: 0
  m_CorrespondingSourceObject: {fileID: 0}
  m_PrefabInstance: {fileID: 0}
  m_PrefabAsset: {fileID: 0}
  m_GameObject: {fileID: 7280083229785163924}
  m_LocalRotation: {x: -0.0008196364, y: -0.000033045308, z: -0.005240056, w: 0.99998593}
  m_LocalPosition: {x: -0.035149217, y: 0, z: 0.0000000040163286}
  m_LocalScale: {x: 1.0000001, y: 1.0000001, z: 1}
  m_Children:
  - {fileID: 5132170578940627291}
  m_Father: {fileID: 8167646202701536850}
  m_RootOrder: 0
  m_LocalEulerAnglesHint: {x: 0, y: 0, z: 0}
--- !u!1 &7338874290607351011
GameObject:
  m_ObjectHideFlags: 0
  m_CorrespondingSourceObject: {fileID: 0}
  m_PrefabInstance: {fileID: 0}
  m_PrefabAsset: {fileID: 0}
  serializedVersion: 6
  m_Component:
  - component: {fileID: 7967719035943308488}
  m_Layer: 0
  m_Name: Base HumanRUpperarm
  m_TagString: Untagged
  m_Icon: {fileID: 0}
  m_NavMeshLayer: 0
  m_StaticEditorFlags: 0
  m_IsActive: 1
--- !u!4 &7967719035943308488
Transform:
  m_ObjectHideFlags: 0
  m_CorrespondingSourceObject: {fileID: 0}
  m_PrefabInstance: {fileID: 0}
  m_PrefabAsset: {fileID: 0}
  m_GameObject: {fileID: 7338874290607351011}
  m_LocalRotation: {x: -0.17442285, y: -0.43900087, z: -0.10141864, w: 0.87553936}
  m_LocalPosition: {x: -0.20600232, y: 0.000000014901161, z: 0.00000035762787}
  m_LocalScale: {x: 0.9999996, y: 1.0000001, z: 1.0000002}
  m_Children:
  - {fileID: 1440311730037117294}
  m_Father: {fileID: 7604183112428664654}
  m_RootOrder: 0
  m_LocalEulerAnglesHint: {x: 0, y: 0, z: 0}
--- !u!1 &7393604403990464849
GameObject:
  m_ObjectHideFlags: 0
  m_CorrespondingSourceObject: {fileID: 0}
  m_PrefabInstance: {fileID: 0}
  m_PrefabAsset: {fileID: 0}
  serializedVersion: 6
  m_Component:
  - component: {fileID: 7767751348828697802}
  m_Layer: 0
  m_Name: Base HumanNeck1
  m_TagString: Untagged
  m_Icon: {fileID: 0}
  m_NavMeshLayer: 0
  m_StaticEditorFlags: 0
  m_IsActive: 1
--- !u!4 &7767751348828697802
Transform:
  m_ObjectHideFlags: 0
  m_CorrespondingSourceObject: {fileID: 0}
  m_PrefabInstance: {fileID: 0}
  m_PrefabAsset: {fileID: 0}
  m_GameObject: {fileID: 7393604403990464849}
  m_LocalRotation: {x: -0.0012211088, y: -0.00037248005, z: 0.029710291, w: 0.99955773}
  m_LocalPosition: {x: -0.00095522404, y: -0.004205879, z: -0.0000000086168015}
  m_LocalScale: {x: 1, y: 1, z: 1}
  m_Children:
  - {fileID: 3360395641817098787}
  m_Father: {fileID: 3540424391419974273}
  m_RootOrder: 1
  m_LocalEulerAnglesHint: {x: 0, y: 0, z: 0}
--- !u!1 &7622006129451459559
GameObject:
  m_ObjectHideFlags: 0
  m_CorrespondingSourceObject: {fileID: 0}
  m_PrefabInstance: {fileID: 0}
  m_PrefabAsset: {fileID: 0}
  serializedVersion: 6
  m_Component:
  - component: {fileID: 4353315182912750644}
  m_Layer: 0
  m_Name: Base HumanLCollarbone
  m_TagString: Untagged
  m_Icon: {fileID: 0}
  m_NavMeshLayer: 0
  m_StaticEditorFlags: 0
  m_IsActive: 1
--- !u!4 &4353315182912750644
Transform:
  m_ObjectHideFlags: 0
  m_CorrespondingSourceObject: {fileID: 0}
  m_PrefabInstance: {fileID: 0}
  m_PrefabAsset: {fileID: 0}
  m_GameObject: {fileID: 7622006129451459559}
  m_LocalRotation: {x: 0.10676243, y: 0.7299323, z: 0.19126682, w: 0.6474702}
  m_LocalPosition: {x: 0.02087748, y: 0.06602301, z: 0.036219083}
  m_LocalScale: {x: 1, y: 1, z: 1}
  m_Children:
  - {fileID: 6757123177221179028}
  m_Father: {fileID: 3540424391419974273}
  m_RootOrder: 0
  m_LocalEulerAnglesHint: {x: 0, y: 0, z: 0}
--- !u!1 &7764696566101645244
GameObject:
  m_ObjectHideFlags: 0
  m_CorrespondingSourceObject: {fileID: 0}
  m_PrefabInstance: {fileID: 0}
  m_PrefabAsset: {fileID: 0}
  serializedVersion: 6
  m_Component:
  - component: {fileID: 3360395641817098787}
  m_Layer: 0
  m_Name: Base HumanNeck2
  m_TagString: Untagged
  m_Icon: {fileID: 0}
  m_NavMeshLayer: 0
  m_StaticEditorFlags: 0
  m_IsActive: 1
--- !u!4 &3360395641817098787
Transform:
  m_ObjectHideFlags: 0
  m_CorrespondingSourceObject: {fileID: 0}
  m_PrefabInstance: {fileID: 0}
  m_PrefabAsset: {fileID: 0}
  m_GameObject: {fileID: 7764696566101645244}
  m_LocalRotation: {x: -0.0033287876, y: -0.00009670888, z: -0.14335917, w: 0.98966515}
  m_LocalPosition: {x: -0.097736716, y: 0, z: 0}
  m_LocalScale: {x: 1.0000001, y: 1.0000001, z: 1.0000001}
  m_Children:
  - {fileID: 8167646202701536850}
  m_Father: {fileID: 7767751348828697802}
  m_RootOrder: 0
  m_LocalEulerAnglesHint: {x: 0, y: 0, z: 0}
--- !u!1 &7853628916303681336
GameObject:
  m_ObjectHideFlags: 0
  m_CorrespondingSourceObject: {fileID: 0}
  m_PrefabInstance: {fileID: 0}
  m_PrefabAsset: {fileID: 0}
  serializedVersion: 6
  m_Component:
  - component: {fileID: 1270795373065102191}
  m_Layer: 0
  m_Name: Base HumanLCalf
  m_TagString: Untagged
  m_Icon: {fileID: 0}
  m_NavMeshLayer: 0
  m_StaticEditorFlags: 0
  m_IsActive: 1
--- !u!4 &1270795373065102191
Transform:
  m_ObjectHideFlags: 0
  m_CorrespondingSourceObject: {fileID: 0}
  m_PrefabInstance: {fileID: 0}
  m_PrefabAsset: {fileID: 0}
  m_GameObject: {fileID: 7853628916303681336}
  m_LocalRotation: {x: 0.00010117636, y: 0.0008941957, z: 0.07735032, w: 0.99700356}
  m_LocalPosition: {x: -0.49377006, y: -0.0000020973384, z: -0.000000059604645}
  m_LocalScale: {x: 1.0000093, y: 0.9999916, z: 1}
  m_Children: []
  m_Father: {fileID: 2377066778103969833}
  m_RootOrder: 0
  m_LocalEulerAnglesHint: {x: 0, y: 0, z: 0}
--- !u!1 &8051845407657246014
GameObject:
  m_ObjectHideFlags: 0
  m_CorrespondingSourceObject: {fileID: 0}
  m_PrefabInstance: {fileID: 0}
  m_PrefabAsset: {fileID: 0}
  serializedVersion: 6
  m_Component:
  - component: {fileID: 2653939973595845514}
  m_Layer: 0
  m_Name: Base HumanRDigit23
  m_TagString: Untagged
  m_Icon: {fileID: 0}
  m_NavMeshLayer: 0
  m_StaticEditorFlags: 0
  m_IsActive: 1
--- !u!4 &2653939973595845514
Transform:
  m_ObjectHideFlags: 0
  m_CorrespondingSourceObject: {fileID: 0}
  m_PrefabInstance: {fileID: 0}
  m_PrefabAsset: {fileID: 0}
  m_GameObject: {fileID: 8051845407657246014}
  m_LocalRotation: {x: 0.00000021070612, y: -0.00000007237985, z: 0.3198554, w: 0.9474664}
  m_LocalPosition: {x: -0.058018148, y: -0.000000059604645, z: 0}
  m_LocalScale: {x: 1.000001, y: 0.9999986, z: 1.0000004}
  m_Children: []
  m_Father: {fileID: 5974803872495826057}
  m_RootOrder: 0
  m_LocalEulerAnglesHint: {x: 0, y: 0, z: 0}
--- !u!1 &8302265321496842813
GameObject:
  m_ObjectHideFlags: 0
  m_CorrespondingSourceObject: {fileID: 0}
  m_PrefabInstance: {fileID: 0}
  m_PrefabAsset: {fileID: 0}
  serializedVersion: 6
  m_Component:
  - component: {fileID: 8117253911373886664}
  m_Layer: 0
  m_Name: Base HumanLDigit22
  m_TagString: Untagged
  m_Icon: {fileID: 0}
  m_NavMeshLayer: 0
  m_StaticEditorFlags: 0
  m_IsActive: 1
--- !u!4 &8117253911373886664
Transform:
  m_ObjectHideFlags: 0
  m_CorrespondingSourceObject: {fileID: 0}
  m_PrefabInstance: {fileID: 0}
  m_PrefabAsset: {fileID: 0}
  m_GameObject: {fileID: 8302265321496842813}
  m_LocalRotation: {x: -0.00000017833501, y: -0.0000009283176, z: 0.16504857, w: 0.98628545}
  m_LocalPosition: {x: -0.053860903, y: -0.000000059604645, z: -0.00000010430813}
  m_LocalScale: {x: 1.0000013, y: 0.99999815, z: 1.0000002}
  m_Children:
  - {fileID: 2604936320042598951}
  m_Father: {fileID: 660998921130320458}
  m_RootOrder: 0
  m_LocalEulerAnglesHint: {x: 0, y: 0, z: 0}
--- !u!1 &8423907293436486704
GameObject:
  m_ObjectHideFlags: 0
  m_CorrespondingSourceObject: {fileID: 0}
  m_PrefabInstance: {fileID: 0}
  m_PrefabAsset: {fileID: 0}
  serializedVersion: 6
  m_Component:
  - component: {fileID: 2770221804595599323}
  m_Layer: 0
  m_Name: Base HumanSpine1
  m_TagString: Untagged
  m_Icon: {fileID: 0}
  m_NavMeshLayer: 0
  m_StaticEditorFlags: 0
  m_IsActive: 1
--- !u!4 &2770221804595599323
Transform:
  m_ObjectHideFlags: 0
  m_CorrespondingSourceObject: {fileID: 0}
  m_PrefabInstance: {fileID: 0}
  m_PrefabAsset: {fileID: 0}
  m_GameObject: {fileID: 8423907293436486704}
  m_LocalRotation: {x: 0.000000011763858, y: -0.00000002845486, z: -0.033979874, w: 0.9994225}
  m_LocalPosition: {x: -0.05479455, y: 0.046448555, z: -0.000000017643934}
  m_LocalScale: {x: 1.0000005, y: 1.0000005, z: 1}
  m_Children:
  - {fileID: 4084051102687598234}
  m_Father: {fileID: 7518465088101678197}
  m_RootOrder: 2
  m_LocalEulerAnglesHint: {x: 0, y: 0, z: 0}
--- !u!1 &8532696878064756443
GameObject:
  m_ObjectHideFlags: 0
  m_CorrespondingSourceObject: {fileID: 0}
  m_PrefabInstance: {fileID: 0}
  m_PrefabAsset: {fileID: 0}
  serializedVersion: 6
  m_Component:
  - component: {fileID: 660998921130320458}
  m_Layer: 0
  m_Name: Base HumanLDigit21
  m_TagString: Untagged
  m_Icon: {fileID: 0}
  m_NavMeshLayer: 0
  m_StaticEditorFlags: 0
  m_IsActive: 1
--- !u!4 &660998921130320458
Transform:
  m_ObjectHideFlags: 0
  m_CorrespondingSourceObject: {fileID: 0}
  m_PrefabInstance: {fileID: 0}
  m_PrefabAsset: {fileID: 0}
  m_GameObject: {fileID: 8532696878064756443}
  m_LocalRotation: {x: 0.0050700856, y: -0.026712723, z: 0.18639746, w: 0.9820981}
  m_LocalPosition: {x: -0.110244095, y: 0.0005505681, z: -0.03134507}
  m_LocalScale: {x: 1.0000008, y: 0.9999987, z: 1.0000001}
  m_Children:
  - {fileID: 8117253911373886664}
  m_Father: {fileID: 8808158492945770416}
  m_RootOrder: 1
  m_LocalEulerAnglesHint: {x: 0, y: 0, z: 0}
--- !u!1 &8729432931303869489
GameObject:
  m_ObjectHideFlags: 0
  m_CorrespondingSourceObject: {fileID: 0}
  m_PrefabInstance: {fileID: 0}
  m_PrefabAsset: {fileID: 0}
  serializedVersion: 6
  m_Component:
  - component: {fileID: 4337474519229616464}
  m_Layer: 0
  m_Name: Base HumanRCalf
  m_TagString: Untagged
  m_Icon: {fileID: 0}
  m_NavMeshLayer: 0
  m_StaticEditorFlags: 0
  m_IsActive: 1
--- !u!4 &4337474519229616464
Transform:
  m_ObjectHideFlags: 0
  m_CorrespondingSourceObject: {fileID: 0}
  m_PrefabInstance: {fileID: 0}
  m_PrefabAsset: {fileID: 0}
  m_GameObject: {fileID: 8729432931303869489}
  m_LocalRotation: {x: -0.00010206063, y: -0.00089642184, z: 0.07752489, w: 0.99699}
  m_LocalPosition: {x: -0.49377012, y: -0.00000073201954, z: 0}
  m_LocalScale: {x: 1.0000035, y: 0.9999968, z: 0.9999998}
  m_Children: []
  m_Father: {fileID: 5752515590777275439}
  m_RootOrder: 0
  m_LocalEulerAnglesHint: {x: 0, y: 0, z: 0}
